<?xml version="1.0" encoding="UTF-8"?><collection xmlns="http://www.loc.gov/MARC21/slim"><record><leader>00332nam--2200133-i-4500</leader><controlfield tag="001">000044802</controlfield><controlfield tag="002">20161230</controlfield><controlfield tag="005">20161230201044</controlfield><controlfield tag="008">060222s1000------------r-----000-0-eng-d</controlfield><datafield ind1=" " ind2=" " tag="100"><subfield code="a">Tipei, N</subfield></datafield><datafield ind1=" " ind2=" " tag="245"><subfield code="a">Hidro-aerodinamica lubrificatiei</subfield></datafield><datafield ind1=" " ind2=" " tag="260"><subfield code="a">Bucuresti, Acad.Rpr, 1957, 695p</subfield></datafield><datafield ind1=" " ind2=" " tag="490"><subfield code="a">Bibl.Stiintelor Tehnice</subfield></datafield><datafield ind1=" " ind2=" " tag="852"><subfield code="a">4920</subfield></datafield></record></collection>